@article{bojanowski2016enriching,
  title={Enriching Word Vectors with Subword Information},
  author={Bojanowski, Piotr and Grave, Edouard and Joulin, Armand and Mikolov, Tomas},
  journal={arXiv preprint arXiv:1607.04606},
  year={2016}
}

@misc{chollet2015,
author = {François Chollet},
title = {keras},
year = {2015},
publisher = {GitHub},
journal = {GitHub repository},
howpublished = {\url{https://github.com/fchollet/keras}},
commit = {0fb0c22}
}

@misc{tensorflow2015-whitepaper,
title={ {TensorFlow}: Large-Scale Machine Learning on Heterogeneous Systems},
url={http://tensorflow.org/},
note={Software available from tensorflow.org},
author={
    Mart\'{\i}n~Abadi and
    Ashish~Agarwal and
    Paul~Barham and
    Eugene~Brevdo and
    Zhifeng~Chen and
    Craig~Citro and
    Greg~S.~Corrado and
    Andy~Davis and
    Jeffrey~Dean and
    Matthieu~Devin and
    Sanjay~Ghemawat and
    Ian~Goodfellow and
    Andrew~Harp and
    Geoffrey~Irving and
    Michael~Isard and
    Yangqing Jia and
    Rafal~Jozefowicz and
    Lukasz~Kaiser and
    Manjunath~Kudlur and
    Josh~Levenberg and
    Dan~Man\'{e} and
    Rajat~Monga and
    Sherry~Moore and
    Derek~Murray and
    Chris~Olah and
    Mike~Schuster and
    Jonathon~Shlens and
    Benoit~Steiner and
    Ilya~Sutskever and
    Kunal~Talwar and
    Paul~Tucker and
    Vincent~Vanhoucke and
    Vijay~Vasudevan and
    Fernanda~Vi\'{e}gas and
    Oriol~Vinyals and
    Pete~Warden and
    Martin~Wattenberg and
    Martin~Wicke and
    Yuan~Yu and
    Xiaoqiang~Zheng},
  year={2015},
}

@article{ferreira_vlachos_2016, title={Emergent: a novel data-set for stance classification}, DOI={10.18653/v1/n16-1138}, journal={Proceedings of the 2016 Conference of the North American Chapter of the Association for Computational Linguistics: Human Language Technologies}, author={Ferreira, William and Vlachos, Andreas}, year={2016}}

@misc{fake_news_challenge, title={Fake News Challenge Stage 1 (FNC-I): Stance Detection}, url={http://www.fakenewschallenge.org/}, journal={Fake News Challenge}, publisher={Fake News Challenge}}


@article{DBLP:journals/corr/abs-1301-3781,
  author    = {Tomas Mikolov and
               Kai Chen and
               Greg Corrado and
               Jeffrey Dean},
  title     = {Efficient Estimation of Word Representations in Vector Space},
  journal   = {CoRR},
  volume    = {abs/1301.3781},
  year      = {2013},
  url       = {http://arxiv.org/abs/1301.3781},
  timestamp = {Thu, 07 May 2015 20:02:01 +0200},
  biburl    = {http://dblp.uni-trier.de/rec/bib/journals/corr/abs-1301-3781},
  bibsource = {dblp computer science bibliography, http://dblp.org}
}

@inproceedings{rehurek_lrec,
      title = {{Software Framework for Topic Modelling with Large Corpora}},
      author = {Radim {\v R}eh{\r u}{\v r}ek and Petr Sojka},
      booktitle = {{Proceedings of the LREC 2010 Workshop on New
           Challenges for NLP Frameworks}},
      pages = {45--50},
      year = 2010,
      month = May,
      day = 22,
      publisher = {ELRA},
      address = {Valletta, Malta},
      note={\url{http://is.muni.cz/publication/884893/en}},
      language={English}
}

@article{scikit-learn,
 title={Scikit-learn: Machine Learning in {P}ython},
 author={Pedregosa, F. and Varoquaux, G. and Gramfort, A. and Michel, V.
         and Thirion, B. and Grisel, O. and Blondel, M. and Prettenhofer, P.
         and Weiss, R. and Dubourg, V. and Vanderplas, J. and Passos, A. and
         Cournapeau, D. and Brucher, M. and Perrot, M. and Duchesnay, E.},
 journal={Journal of Machine Learning Research},
 volume={12},
 pages={2825--2830},
 year={2011}
}

@article{DBLP:journals/corr/ZarrellaM16,
  author    = {Guido Zarrella and
               Amy Marsh},
  title     = {{MITRE} at SemEval-2016 Task 6: Transfer Learning for Stance Detection},
  journal   = {CoRR},
  volume    = {abs/1606.03784},
  year      = {2016},
  url       = {http://arxiv.org/abs/1606.03784},
  timestamp = {Fri, 01 Jul 2016 17:39:49 +0200},
  biburl    = {http://dblp.uni-trier.de/rec/bib/journals/corr/ZarrellaM16},
  bibsource = {dblp computer science bibliography, http://dblp.org}
}

@InProceedings{MOHAMMAD16.232,
  author = {Saif Mohammad and Svetlana Kiritchenko and Parinaz Sobhani and Xiaodan Zhu and Colin Cherry},
  title = {A Dataset for Detecting Stance in Tweets},
  booktitle = {Proceedings of the Tenth International Conference on Language Resources and Evaluation (LREC 2016)},
  year = {2016},
  month = {may},
  date = {23-28},
  location = {Portorož, Slovenia},
  editor = {Nicoletta Calzolari (Conference Chair) and Khalid Choukri and Thierry Declerck and Sara Goggi and Marko Grobelnik and Bente Maegaard and Joseph Mariani and Helene Mazo and Asuncion Moreno and Jan Odijk and Stelios Piperidis},
  publisher = {European Language Resources Association (ELRA)},
  address = {Paris, France},
  isbn = {978-2-9517408-9-1},
  language = {english}
 }
 
 @inproceedings{DBLP:conf/starsem/SobhaniMK16,
  author    = {Parinaz Sobhani and
               Saif Mohammad and
               Svetlana Kiritchenko},
  title     = {Detecting Stance in Tweets And Analyzing its Interaction with Sentiment},
  booktitle = {Proceedings of the Fifth Joint Conference on Lexical and Computational
               Semantics, *SEM@ACL 2016, Berlin, Germany, 11-12 August 2016},
  year      = {2016},
  crossref  = {DBLP:conf/starsem/2016},
  url       = {http://aclweb.org/anthology/S/S16/S16-2021.pdf},
  timestamp = {Tue, 04 Oct 2016 09:23:25 +0200},
  biburl    = {http://dblp.uni-trier.de/rec/bib/conf/starsem/SobhaniMK16},
  bibsource = {dblp computer science bibliography, http://dblp.org}
}

@misc{Twitter_API, 
author      = {Twitter},
title       = {Rest API Documentation},
year        = {2017},
url         = {https://dev.twitter.com/rest/public}
}

@misc{tweepy,
author      = {Joshua Roesslein},
title       = {Tweepy Read the Docs},
year        = {2009},
url         = {http://tweepy.readthedocs.io/en/v3.5.0/}
}